<record><leader>00000cas a22000007a 4500</leader><controlfield tag="001">21130875</controlfield><controlfield tag="008">900227d19291939coudn ne      0    0eng d</controlfield><datafield ind1=" " ind2=" " tag="010"><subfield code="a">sn 90051095 </subfield></datafield><datafield ind1=" " ind2=" " tag="040"><subfield code="a">CNQ</subfield><subfield code="b">eng</subfield><subfield code="c">CNQ</subfield><subfield code="d">OCLCQ</subfield></datafield><datafield ind1=" " ind2=" " tag="042"><subfield code="a">msc</subfield></datafield><datafield ind1="0" ind2="0" tag="245"><subfield code="a">Delta daily independent.</subfield></datafield><datafield ind1=" " ind2=" " tag="260"><subfield code="a">Delta, Colo. :</subfield><subfield code="b">Independent Print. Co.</subfield></datafield><datafield ind1=" " ind2=" " tag="300"><subfield code="a">v.</subfield></datafield><datafield ind1=" " ind2=" " tag="310"><subfield code="a">Daily (except Sun.)</subfield></datafield><datafield ind1="1" ind2=" " tag="362"><subfield code="a">Began May 25, 1929.</subfield></datafield><datafield ind1="0" ind2=" " tag="362"><subfield code="a">-v. 10, no. 227 (Feb. 18, 1939).</subfield></datafield><datafield ind1=" " ind2=" " tag="530"><subfield code="a">Available on microfilm from the Colorado Historical Society.</subfield></datafield><datafield ind1=" " ind2=" " tag="580"><subfield code="a">Weekly ed.: Delta independent.</subfield></datafield><datafield ind1=" " ind2=" " tag="588"><subfield code="a">Description based on: Vol. 2, no. 202 (Jan. 19, 1931).</subfield></datafield><datafield ind1=" " ind2=" " tag="752"><subfield code="a">United States</subfield><subfield code="b">Colorado</subfield><subfield code="c">Delta</subfield><subfield code="d">Delta.</subfield></datafield><datafield ind1="1" ind2=" " tag="775"><subfield code="t">Delta independent</subfield><subfield code="w">(DLC)sn 86063206</subfield></datafield><datafield ind1="0" ind2="0" tag="785"><subfield code="t">Delta County daily independent</subfield><subfield code="w">(DLC)sn 90051094</subfield></datafield><datafield ind1="1" ind2=" " tag="029"><subfield code="a">AU@</subfield><subfield code="b">000025850311</subfield></datafield></record>